[gd_scene load_steps=5 format=2]

[ext_resource path="res://Scenes/Player.gd" type="Script" id=1]
[ext_resource path="res://Sprites/png/player.png" type="Texture" id=2]
[ext_resource path="res://Scenes/Enemy.tscn" type="PackedScene" id=3]

[sub_resource type="RectangleShape2D" id=1]

custom_solver_bias = 0.0
extents = Vector2( 10, 10 )

[node name="Main" type="Node2D" index="0"]

position = Vector2( 511.333, 534.238 )

[node name="Player" type="Area2D" parent="." index="0"]

position = Vector2( -41.7639, 4.36237 )
scale = Vector2( 0.547136, 0.539734 )
input_pickable = true
gravity_vec = Vector2( 0, 1 )
gravity = 98.0
linear_damp = 0.1
angular_damp = 1.0
audio_bus_override = false
audio_bus_name = "Master"
script = ExtResource( 1 )
_sections_unfolded = [ "Transform" ]
speed = 300

[node name="Sprite" type="Sprite" parent="Player" index="0"]

texture = ExtResource( 2 )

[node name="CollisionShape2D" type="CollisionShape2D" parent="Player" index="1"]

position = Vector2( -0.0732462, 15.6553 )
scale = Vector2( 4.8483, 2.55908 )
shape = SubResource( 1 )
_sections_unfolded = [ "Transform" ]

[node name="Enemy" parent="." index="1" instance=ExtResource( 3 )]

position = Vector2( -50.873, -467.245 )

[node name="Enemy2" parent="." index="2" instance=ExtResource( 3 )]

position = Vector2( -144.776, -452.363 )

[node name="Enemy3" parent="." index="3" instance=ExtResource( 3 )]

position = Vector2( 52.8948, -454.635 )

[node name="Enemy4" parent="." index="4" instance=ExtResource( 3 )]

position = Vector2( -233.386, -452.363 )

[node name="Enemy5" parent="." index="5" instance=ExtResource( 3 )]

position = Vector2( 161.954, -445.546 )


